% Encoding: UTF-8

@Book{mest2009,
  title     = {Непрерывная морфология бинарных изображений: фигуры, скелеты, циркуляры},
  publisher = {Физматлит},
  year      = {2009},
  author    = {Леонид Моисеевич Местецкий},
}

@Article{soldatova2010,
  author = {Солдатова Ольга Петровна and Гаршин Александр Александрович},
  title  = {Применение сверточной нейронной сети для распознавания рукописных цифр},
  year   = {2010},
}

@Article{patrice2016,
  author = {Patrice Y. Simard and Dave Steinkraus and John C. Platt},
  title  = {Best practices for convolutional neural networks applied to visual document analysis},
  year   = {2003},
}

@Article{dan2011,
  author = {Dan Claudiu Cires and Ueli Meier and Luca Maria Gambardella and Jurgen Schmidhuber},
  title  = {Convolutional Neural Network Committees for Handwritten Character Classification},
  year   = {2011},
}

@Misc{mnist,
  author = {Yann LeCun, and Corinna Cortes and Christopher J.C. Burges},
  title  = {THE MNIST DATABASE of handwritten digits},
  year   = {1998},
  note   = {http://yann.lecun.com/exdb/mnist/},
}

@Misc{emnist,
  author = {Gregory Cohen and Saeed Afshar and Jonathan Tapson and Andre van Schaik},
  title  = {EMNIST: an extension of MNIST to handwritten letters},
  year   = {2017},
  note   = {https://www.nist.gov/itl/iad/image-group/emnist-dataset},
}

@InProceedings{morozov2017,
  author = {Aleksey Morozov},
  title  = {Low Data Drug Discovery with One-Shot Learning},
  year   = {2017},
}

@Article{han2016,
  author = {Han Altae-Tran and Bharath Ramsundar and Aneesh S. Pappu and Vijay Pande},
  title  = {Low Data Drug Discovery with One-shot Learning},
  year   = {2016},
}

@Article{vizilter2018,
  author = {Визильтер Ю.В. and Горбацевич В.С. and Желтов С.Ю},
  title  = {Структурно-функциональный анализ и синтез глубоких конволюционных нейронных сетей},
  year   = {2018},
}

@Article{previous_work_mnist21,
  author = {Li Wan and Matthew Zeiler and Sixin Zhang and Yann LeCun and Rob Fergus},
  title  = {Regularization of Neural Networks using DropConnect},
  year   = {2013},
  note   = {https://cs.nyu.edu/~wanli/dropc/}
}

@Article{previous_work_mnist23,
  author = {Dan Ciresan and Ueli Meier and Jurgen Schmidhuber},
  title  = {Multi-column Deep Neural Networks for Image Classification},
  year   = {2012},
}

@Article{previous_work_mnist23-2,
  author = {Ikuro Sato and Hiroki Nishimura and Kensuke Yokoi},
  title  = {APAC: Augmented PAttern Classification with Neural Networks},
  year   = {2015},
}

@Article{previous_work_mnist24,
  author = {Jia-Ren Chang and Yong-Sheng Chen},
  title  = {Batch-normalized Maxout Network in Network},
  year   = {2015},
}

@Comment{jabref-meta: databaseType:bibtex;}